@inproceedings{attardi2006experiments,
  title={Experiments with a multilanguage non-projective dependency parser},
  author={Attardi, Giuseppe},
  booktitle={Proceedings of the Tenth Conference on Computational Natural Language Learning},
  pages={166--170},
  year={2006},
  organization={Association for Computational Linguistics}
}

@article{dell2009ensemble,
  title={Ensemble system for Part-of-Speech tagging},
  author={Dell’Orletta, Felice},
  journal={Proceedings of EVALITA},
  volume={9},
  pages={1--8},
  year={2009}
}

@article{attardi2009accurate,
  title={Accurate dependency parsing with a stacked multilayer perceptron},
  author={Attardi, Giuseppe and Dell’Orletta, Felice and Simi, Maria and Turian, Joseph},
  journal={Proceedings of EVALITA},
  volume={9},
  pages={1--8},
  year={2009}
}

@inproceedings{attardi2009reverse,
  title={Reverse revision and linear tree combination for dependency parsing},
  author={Attardi, Giuseppe and Dell'Orletta, Felice},
  booktitle={Proceedings of Human Language Technologies: The 2009 Annual Conference of the North American Chapter of the Association for Computational Linguistics, Companion Volume: Short Papers},
  pages={261--264},
  year={2009},
  organization={Association for Computational Linguistics}
}

@inproceedings{hankamer1989morphological,
  title={Morphological parsing and the lexicon},
  author={Hankamer, Jorge},
  booktitle={Lexical representation and process},
  pages={392--408},
  year={1989},
  organization={MIT Press}
}

@article{porter1980algorithm,
  title={An algorithm for suffix stripping},
  author={Porter, Martin F},
  journal={Program},
  volume={14},
  number={3},
  pages={130--137},
  year={1980},
  publisher={MCB UP Ltd}
}

@Book{xie2015,
  title = {Dynamic Documents with {R} and knitr},
  author = {Yihui Xie},
  publisher = {Chapman and Hall/CRC},
  address = {Boca Raton, Florida},
  year = {2015},
  edition = {2nd},
  note = {ISBN 978-1498716963},
  url = {http://yihui.name/knitr/},
}


@Manual{R-base,
  title = {R: A Language and Environment for Statistical Computing},
  author = {{R Core Team}},
  organization = {R Foundation for Statistical Computing},
  address = {Vienna, Austria},
  year = {2018},
  url = {https://www.R-project.org/},
}

@Manual{R-bookdown,
  title = {bookdown: Authoring Books and Technical Documents with R Markdown},
  author = {Yihui Xie},
  year = {2018},
  note = {R package version 0.7},
  url = {https://CRAN.R-project.org/package=bookdown},
}

@Manual{R-knitr,
  title = {knitr: A General-Purpose Package for Dynamic Report Generation in R},
  author = {Yihui Xie},
  year = {2018},
  note = {R package version 1.20},
  url = {https://CRAN.R-project.org/package=knitr},
}

@Manual{R-rmarkdown,
  title = {rmarkdown: Dynamic Documents for R},
  author = {JJ Allaire and Yihui Xie and Jonathan McPherson and Javier Luraschi and Kevin Ushey and Aron Atkins and Hadley Wickham and Joe Cheng and Winston Chang},
  year = {2018},
  note = {R package version 1.9},
  url = {https://CRAN.R-project.org/package=rmarkdown},
}


@Book{xie2015,
  title = {Dynamic Documents with {R} and knitr},
  author = {Yihui Xie},
  publisher = {Chapman and Hall/CRC},
  address = {Boca Raton, Florida},
  year = {2015},
  edition = {2nd},
  note = {ISBN 978-1498716963},
  url = {http://yihui.name/knitr/},
}

@inproceedings{lafferty2001document,
  title={Document language models, query models, and risk minimization for information retrieval},
  author={Lafferty, John and Zhai, Chengxiang},
  booktitle={Proceedings of the 24th annual international ACM SIGIR conference on Research and development in information retrieval},
  pages={111--119},
  year={2001},
  organization={ACM}
}

@article{bellegarda2004statistical,
  title={Statistical language model adaptation: review and perspectives},
  author={Bellegarda, Jerome R},
  journal={Speech communication},
  volume={42},
  number={1},
  pages={93--108},
  year={2004},
  publisher={Elsevier}
}


@misc{brants2012large,
  title={Large language models in machine translation},
  author={Brants, Thorsten and Popat, Ashok C and Xu, Peng and Och, Franz J and Dean, Jeffrey},
  year={2012},
  month=dec # "~11",
  publisher={Google Patents},
  note={US Patent 8,332,207}
}


@book{gibson1994tools,
  title={Tools, language and cognition in human evolution},
  author={Gibson, Kathleen R and Gibson, Kathleen Rita and Ingold, Tim},
  year={1994},
  publisher={Cambridge University Press}
}


@incollection{aggarwal2012survey,
  title={A survey of text classification algorithms},
  author={Aggarwal, Charu C and Zhai, ChengXiang},
  booktitle={Mining text data},
  pages={163--222},
  year={2012},
  publisher={Springer}
}

@article{borko1963automatic,
  title={Automatic document classification},
  author={Borko, Harold and Bernick, Myrna},
  journal={Journal of the ACM (JACM)},
  volume={10},
  number={2},
  pages={151--162},
  year={1963},
  publisher={ACM}
}

@article{sebastiani2002machine,
  title={Machine learning in automated text categorization},
  author={Sebastiani, Fabrizio},
  journal={ACM computing surveys (CSUR)},
  volume={34},
  number={1},
  pages={1--47},
  year={2002},
  publisher={ACM}
}

@book{james2013introduction,
  title={An introduction to statistical learning},
  author={James, Gareth and Witten, Daniela and Hastie, Trevor and Tibshirani, Robert},
  volume={112},
  year={2013},
  publisher={Springer}
}

@article{yang2004building,
  title={Building association-rule based sequential classifiers for web-document prediction},
  author={Yang, Qiang and Li, Tianyi and Wang, Ke},
  journal={Data mining and knowledge discovery},
  volume={8},
  number={3},
  pages={253--273},
  year={2004},
  publisher={Springer}
}

@inproceedings{joachims1998text,
  title={Text categorization with support vector machines: Learning with many relevant features},
  author={Joachims, Thorsten},
  booktitle={European conference on machine learning},
  pages={137--142},
  year={1998},
  organization={Springer}
}

@article{manevitz2001one,
  title={One-class SVMs for document classification},
  author={Manevitz, Larry M and Yousef, Malik},
  journal={Journal of machine Learning research},
  volume={2},
  number={Dec},
  pages={139--154},
  year={2001}
}


@article{pop2006approach,
  title={An approach of the Naive Bayes classifier for the document classification},
  author={Pop, Ioan},
  journal={General Mathematics},
  volume={14},
  number={4},
  pages={135--138},
  year={2006},
  publisher={University}
}


@article{manevitz2007one,
  title={One-class document classification via neural networks},
  author={Manevitz, Larry and Yousef, Malik},
  journal={Neurocomputing},
  volume={70},
  number={7-9},
  pages={1466--1481},
  year={2007},
  publisher={Elsevier}
}


@inproceedings{lai2015recurrent,
  title={Recurrent Convolutional Neural Networks for Text Classification.},
  author={Lai, Siwei and Xu, Liheng and Liu, Kang and Zhao, Jun},
  booktitle={AAAI},
  volume={333},
  pages={2267--2273},
  year={2015}
}


@article{kim2014convolutional,
  title={Convolutional neural networks for sentence classification},
  author={Kim, Yoon},
  journal={arXiv preprint arXiv:1408.5882},
  year={2014}
}


@incollection{liu2012survey,
  title={A survey of opinion mining and sentiment analysis},
  author={Liu, Bing and Zhang, Lei},
  booktitle={Mining text data},
  pages={415--463},
  year={2012},
  publisher={Springer}
}

@article{pang2008opinion,
  title={Opinion mining and sentiment analysis},
  author={Pang, Bo and Lee, Lillian and others},
  journal={Foundations and Trends{\textregistered} in Information Retrieval},
  volume={2},
  number={1--2},
  pages={1--135},
  year={2008},
  publisher={Now Publishers, Inc.}
}


@article{miller1995wordnet,
  title={WordNet: a lexical database for English},
  author={Miller, George A},
  journal={Communications of the ACM},
  volume={38},
  number={11},
  pages={39--41},
  year={1995},
  publisher={ACM}
}

@inproceedings{hu2004mining,
  title={Mining and summarizing customer reviews},
  author={Hu, Minqing and Liu, Bing},
  booktitle={Proceedings of the tenth ACM SIGKDD international conference on Knowledge discovery and data mining},
  pages={168--177},
  year={2004},
  organization={ACM}
}

@inproceedings{kim2004determining,
  title={Determining the sentiment of opinions},
  author={Kim, Soo-Min and Hovy, Eduard},
  booktitle={Proceedings of the 20th international conference on Computational Linguistics},
  pages={1367},
  year={2004},
  organization={Association for Computational Linguistics}
}


@inproceedings{ding2008holistic,
  title={A holistic lexicon-based approach to opinion mining},
  author={Ding, Xiaowen and Liu, Bing and Yu, Philip S},
  booktitle={Proceedings of the 2008 international conference on web search and data mining},
  pages={231--240},
  year={2008},
  organization={ACM}
}

@inproceedings{baccianella2010sentiwordnet,
  title={Sentiwordnet 3.0: an enhanced lexical resource for sentiment analysis and opinion mining.},
  author={Baccianella, Stefano and Esuli, Andrea and Sebastiani, Fabrizio},
  booktitle={Lrec},
  volume={10},
  number={2010},
  pages={2200--2204},
  year={2010}
}

@misc{philip1966general,
  title={The general inquirer: a computer approach to content analysis},
  author={Philip, J and Dunphy, Dexter C and Smith, Marshall S and Ogilvie, Daniel M and others},
  year={1966},
  publisher={The MIT Press Cambridge}
}

@inproceedings{wiebe1999development,
  title={Development and use of a gold-standard data set for subjectivity classifications},
  author={Wiebe, Janyce M and Bruce, Rebecca F and O'Hara, Thomas P},
  booktitle={Proceedings of the 37th annual meeting of the Association for Computational Linguistics on Computational Linguistics},
  pages={246--253},
  year={1999},
  organization={Association for Computational Linguistics}
}


@inproceedings{chiarello2017product,
  title={Product description in terms of advantages and drawbacks: Exploiting patent information in novel ways},
  author={Chiarello, Filippo and Fantoni, Gualtiero and Bonaccorsi, Andrea and others},
  booktitle={DS 87-6 Proceedings of the 21st International Conference on Engineering Design (ICED 17) Vol 6: Design Information and Knowledge, Vancouver, Canada, 21-25.08. 2017},
  pages={101--110},
  year={2017}
}

@inproceedings{mullen2004sentiment,
  title={Sentiment analysis using support vector machines with diverse information sources},
  author={Mullen, Tony and Collier, Nigel},
  booktitle={Proceedings of the 2004 conference on empirical methods in natural language processing},
  year={2004}
}



@article{prabowo2009sentiment,
  title={Sentiment analysis: A combined approach},
  author={Prabowo, Rudy and Thelwall, Mike},
  journal={Journal of Informetrics},
  volume={3},
  number={2},
  pages={143--157},
  year={2009},
  publisher={Elsevier}
}

@inproceedings{pang2002thumbs,
  title={Thumbs up?: sentiment classification using machine learning techniques},
  author={Pang, Bo and Lee, Lillian and Vaithyanathan, Shivakumar},
  booktitle={Proceedings of the ACL-02 conference on Empirical methods in natural language processing-Volume 10},
  pages={79--86},
  year={2002},
  organization={Association for Computational Linguistics}
}

@inproceedings{anick1997exploiting,
  title={Exploiting clustering and phrases for context-based information retrieval},
  author={Anick, Peter G and Vaithyanathan, Shivakumar},
  booktitle={ACM SIGIR Forum},
  volume={31},
  number={SI},
  pages={314--323},
  year={1997},
  organization={ACM}
}


@inproceedings{cutting1993constant,
  title={Constant interaction-time scatter/gather browsing of very large document collections},
  author={Cutting, Douglass R and Karger, David R and Pedersen, Jan O},
  booktitle={Proceedings of the 16th annual international ACM SIGIR conference on Research and development in information retrieval},
  pages={126--134},
  year={1993},
  organization={ACM}
}

@inproceedings{guha1998cure,
  title={CURE: an efficient clustering algorithm for large databases},
  author={Guha, Sudipto and Rastogi, Rajeev and Shim, Kyuseok},
  booktitle={ACM Sigmod Record},
  volume={27},
  number={2},
  pages={73--84},
  year={1998},
  organization={ACM}
}

@article{han2001spatial,
  title={Spatial clustering methods in data mining},
  author={Han, Jiawei and Kamber, Micheline and Tung, Anthony KH},
  journal={Geographic data mining and knowledge discovery},
  pages={188--217},
  year={2001},
  publisher={Cambridge, UK: Cambridge University Press}
}


@inproceedings{zhang1996birch,
  title={BIRCH: an efficient data clustering method for very large databases},
  author={Zhang, Tian and Ramakrishnan, Raghu and Livny, Miron},
  booktitle={ACM Sigmod Record},
  volume={25},
  number={2},
  pages={103--114},
  year={1996},
  organization={ACM}
}

@article{jain1988algorithms,
  title={Algorithms for clustering data},
  author={Jain, Anil K and Dubes, Richard C},
  year={1988},
  publisher={Prentice-Hall, Inc.}
}


@book{kaufman2009finding,
  title={Finding groups in data: an introduction to cluster analysis},
  author={Kaufman, Leonard and Rousseeuw, Peter J},
  volume={344},
  year={2009},
  publisher={John Wiley \& Sons}
}


@inproceedings{cutting2017scatter,
  title={Scatter/gather: A cluster-based approach to browsing large document collections},
  author={Cutting, Douglass R and Karger, David R and Pedersen, Jan O and Tukey, John W},
  booktitle={ACM SIGIR Forum},
  volume={51},
  number={2},
  pages={148--159},
  year={2017},
  organization={ACM}
}

@inproceedings{schutze1997projections,
  title={Projections for efficient document clustering},
  author={Sch{\"u}tze, Hinrich and Silverstein, Craig},
  booktitle={ACM SIGIR Forum},
  volume={31},
  number={SI},
  pages={74--81},
  year={1997},
  organization={ACM}
}

@inproceedings{baker1998distributional,
  title={Distributional clustering of words for text classification},
  author={Baker, L Douglas and McCallum, Andrew Kachites},
  booktitle={Proceedings of the 21st annual international ACM SIGIR conference on Research and development in information retrieval},
  pages={96--103},
  year={1998},
  organization={ACM}
}

@inproceedings{bekkerman2001feature,
  title={On feature distributional clustering for text categorization},
  author={Bekkerman, Ron and El-Yaniv, Ran and Tishby, Naftali and Winter, Yoad},
  booktitle={Proceedings of the 24th annual international ACM SIGIR conference on Research and development in information retrieval},
  pages={146--153},
  year={2001},
  organization={ACM}
}

@incollection{aggarwal2012survey,
  title={A survey of text clustering algorithms},
  author={Aggarwal, Charu C and Zhai, ChengXiang},
  booktitle={Mining text data},
  pages={77--128},
  year={2012},
  publisher={Springer}
}

@article{ricardo2011modern,
  title={Modern Information Retrieval: the concepts and technology behind search second edition},
  author={Ricardo, BY and Berthier, RN},
  journal={Addision Wesley},
  volume={84},
  number={2},
  year={2011}
}

@article{eddy1996hidden,
  title={Hidden markov models},
  author={Eddy, Sean R},
  journal={Current opinion in structural biology},
  volume={6},
  number={3},
  pages={361--365},
  year={1996},
  publisher={Elsevier}
}

@article{lafferty2001conditional,
  title={Conditional random fields: Probabilistic models for segmenting and labeling sequence data},
  author={Lafferty, John and McCallum, Andrew and Pereira, Fernando CN},
  year={2001}
}

@article{hearst1998support,
  title={Support vector machines},
  author={Hearst, Marti A. and Dumais, Susan T and Osuna, Edgar and Platt, John and Scholkopf, Bernhard},
  journal={IEEE Intelligent Systems and their applications},
  volume={13},
  number={4},
  pages={18--28},
  year={1998},
  publisher={IEEE}
}

@article{lample2016neural,
  title={Neural architectures for named entity recognition},
  author={Lample, Guillaume and Ballesteros, Miguel and Subramanian, Sandeep and Kawakami, Kazuya and Dyer, Chris},
  journal={arXiv preprint arXiv:1603.01360},
  year={2016}
}


@inproceedings{misawa2017character,
  title={Character-based Bidirectional LSTM-CRF with words and characters for Japanese Named Entity Recognition},
  author={Misawa, Shotaro and Taniguchi, Motoki and Miura, Yasuhide and Ohkuma, Tomoko},
  booktitle={Proceedings of the First Workshop on Subword and Character Level Models in NLP},
  pages={97--102},
  year={2017}
}

@incollection{crain2012dimensionality,
  title={Dimensionality reduction and topic modeling: From latent semantic indexing to latent dirichlet allocation and beyond},
  author={Crain, Steven P and Zhou, Ke and Yang, Shuang-Hong and Zha, Hongyuan},
  booktitle={Mining text data},
  pages={129--161},
  year={2012},
  publisher={Springer}
}


@article{blei2003latent,
  title={Latent dirichlet allocation},
  author={Blei, David M and Ng, Andrew Y and Jordan, Michael I},
  journal={Journal of machine Learning research},
  volume={3},
  number={Jan},
  pages={993--1022},
  year={2003}
}

@Manual{r2008,
    title = {R: A Language and Environment for Statistical Computing},
    author = {{R Development Core Team}},
    organization = {R Foundation for Statistical Computing},
    address = {Vienna, Austria},
    year = {2008},
    note = {{ISBN} 3-900051-07-0},
    url = {http://www.R-project.org},
  }


@techreport{py95,
 author = {Rossum, Guido},
 title = {Python Reference Manual},
 year = {1995},
 source = {http://www.ncstrl.org:8900/ncstrl/servlet/search?formname=detail\&id=oai%3Ancstrlh%3Aercim_cwi%3Aercim.cwi%2F%2FCS-R9525},
 publisher = {CWI (Centre for Mathematics and Computer Science)},
 address = {Amsterdam, The Netherlands, The Netherlands},
} 


@article{parker2017opinionated,
  title={Opinionated analysis development},
  author={Parker, Hilary},
  journal={PeerJ Preprints},
  volume={5},
  pages={e3210v1},
  year={2017},
  publisher={PeerJ Inc. San Francisco, USA}
}
